<record><leader>00000cas a22000007a 4500</leader><controlfield tag="001">12036589</controlfield><controlfield tag="008">850515d188118uualuwr ne      0    0eng d</controlfield><datafield ind1=" " ind2=" " tag="010"><subfield code="a">sn 85044604 </subfield></datafield><datafield ind1=" " ind2=" " tag="040"><subfield code="a">ALM</subfield><subfield code="b">eng</subfield><subfield code="c">ALM</subfield><subfield code="d">CPN</subfield><subfield code="d">OCL</subfield><subfield code="d">OCLCQ</subfield></datafield><datafield ind1=" " ind2=" " tag="042"><subfield code="a">msc</subfield></datafield><datafield ind1="0" ind2="4" tag="245"><subfield code="a">The Chilton view.</subfield></datafield><datafield ind1="1" ind2="3" tag="246"><subfield code="a">View</subfield></datafield><datafield ind1=" " ind2=" " tag="260"><subfield code="a">Clanton, Ala. :</subfield><subfield code="b">W.H. Lawrence,</subfield><subfield code="c">1881-</subfield></datafield><datafield ind1=" " ind2=" " tag="300"><subfield code="a">v. :</subfield><subfield code="b">ill. ;</subfield><subfield code="c">55 cm.</subfield></datafield><datafield ind1=" " ind2=" " tag="310"><subfield code="a">Weekly</subfield></datafield><datafield ind1="0" ind2=" " tag="362"><subfield code="a">Vol. 1, no. 1 (Nov. 10, 1881)-</subfield></datafield><datafield ind1=" " ind2=" " tag="500"><subfield code="a">"Wisdom, justice and moderation."</subfield></datafield><datafield ind1=" " ind2=" " tag="500"><subfield code="a">Editors: 1881-Feb. 1885, Aug. 1885-, W.H. Lawrence; Feb. 1885-Aug. 1885, Aug. 1886-July 1888, John C. Lawrence.</subfield></datafield><datafield ind1=" " ind2=" " tag="515"><subfield code="a">Numbering is irregular.</subfield></datafield><datafield ind1=" " ind2=" " tag="525"><subfield code="a">Christmas supplements: "The Christmas guest : our holiday supplement" (1887); "We greet you : our holiday supplement" (1890).</subfield></datafield><datafield ind1="1" ind2=" " tag="700"><subfield code="a">Lawrence, W. H.</subfield></datafield><datafield ind1="1" ind2=" " tag="700"><subfield code="a">Lawrence, John C.</subfield></datafield><datafield ind1=" " ind2=" " tag="752"><subfield code="a">United States</subfield><subfield code="b">Alabama</subfield><subfield code="c">Chilton</subfield><subfield code="d">Clanton.</subfield></datafield></record>